%YAML 1.1
%TAG !u! tag:unity3d.com,2011:
--- !u!1001 &350570847983275513
PrefabInstance:
  m_ObjectHideFlags: 0
  serializedVersion: 2
  m_Modification:
    m_TransformParent: {fileID: 2141738713551358526}
    m_Modifications:
    - target: {fileID: 6185270342610921935, guid: b94a43e8d4ed53f4ea38bb45af79ce54,
        type: 3}
      propertyPath: m_LocalPosition.x
      value: 2.5
      objectReference: {fileID: 0}
    - target: {fileID: 6185270342610921935, guid: b94a43e8d4ed53f4ea38bb45af79ce54,
        type: 3}
      propertyPath: m_LocalPosition.y
      value: -1.5
      objectReference: {fileID: 0}
    - target: {fileID: 6185270342610921935, guid: b94a43e8d4ed53f4ea38bb45af79ce54,
        type: 3}
      propertyPath: m_LocalPosition.z
      value: 0
      objectReference: {fileID: 0}
    - target: {fileID: 6185270342610921935, guid: b94a43e8d4ed53f4ea38bb45af79ce54,
        type: 3}
      propertyPath: m_LocalRotation.x
      value: 0
      objectReference: {fileID: 0}
    - target: {fileID: 6185270342610921935, guid: b94a43e8d4ed53f4ea38bb45af79ce54,
        type: 3}
      propertyPath: m_LocalRotation.y
      value: 0
      objectReference: {fileID: 0}
    - target: {fileID: 6185270342610921935, guid: b94a43e8d4ed53f4ea38bb45af79ce54,
        type: 3}
      propertyPath: m_LocalRotation.z
      value: 0
      objectReference: {fileID: 0}
    - target: {fileID: 6185270342610921935, guid: b94a43e8d4ed53f4ea38bb45af79ce54,
        type: 3}
      propertyPath: m_LocalRotation.w
      value: 1
      objectReference: {fileID: 0}
    - target: {fileID: 6185270342610921935, guid: b94a43e8d4ed53f4ea38bb45af79ce54,
        type: 3}
      propertyPath: m_RootOrder
      value: 8
      objectReference: {fileID: 0}
    - target: {fileID: 6185270342610921935, guid: b94a43e8d4ed53f4ea38bb45af79ce54,
        type: 3}
      propertyPath: m_LocalEulerAnglesHint.x
      value: 0
      objectReference: {fileID: 0}
    - target: {fileID: 6185270342610921935, guid: b94a43e8d4ed53f4ea38bb45af79ce54,
        type: 3}
      propertyPath: m_LocalEulerAnglesHint.y
      value: 0
      objectReference: {fileID: 0}
    - target: {fileID: 6185270342610921935, guid: b94a43e8d4ed53f4ea38bb45af79ce54,
        type: 3}
      propertyPath: m_LocalEulerAnglesHint.z
      value: 0
      objectReference: {fileID: 0}
    - target: {fileID: 8486630065364114236, guid: b94a43e8d4ed53f4ea38bb45af79ce54,
        type: 3}
      propertyPath: m_Name
      value: BigStoneBlock
      objectReference: {fileID: 0}
    m_RemovedComponents: []
  m_SourcePrefab: {fileID: 100100000, guid: b94a43e8d4ed53f4ea38bb45af79ce54, type: 3}
--- !u!1001 &930676081878111680
PrefabInstance:
  m_ObjectHideFlags: 0
  serializedVersion: 2
  m_Modification:
    m_TransformParent: {fileID: 2141738713551358526}
    m_Modifications:
    - target: {fileID: 1916133428178709484, guid: ee1ee12a59dc03143b60881395e287ea,
        type: 3}
      propertyPath: m_Name
      value: Stalactite (1)
      objectReference: {fileID: 0}
    - target: {fileID: 1916133428178709485, guid: ee1ee12a59dc03143b60881395e287ea,
        type: 3}
      propertyPath: m_LocalPosition.x
      value: 1
      objectReference: {fileID: 0}
    - target: {fileID: 1916133428178709485, guid: ee1ee12a59dc03143b60881395e287ea,
        type: 3}
      propertyPath: m_LocalPosition.y
      value: 2.5
      objectReference: {fileID: 0}
    - target: {fileID: 1916133428178709485, guid: ee1ee12a59dc03143b60881395e287ea,
        type: 3}
      propertyPath: m_LocalPosition.z
      value: 0
      objectReference: {fileID: 0}
    - target: {fileID: 1916133428178709485, guid: ee1ee12a59dc03143b60881395e287ea,
        type: 3}
      propertyPath: m_LocalRotation.x
      value: -0
      objectReference: {fileID: 0}
    - target: {fileID: 1916133428178709485, guid: ee1ee12a59dc03143b60881395e287ea,
        type: 3}
      propertyPath: m_LocalRotation.y
      value: -0
      objectReference: {fileID: 0}
    - target: {fileID: 1916133428178709485, guid: ee1ee12a59dc03143b60881395e287ea,
        type: 3}
      propertyPath: m_LocalRotation.z
      value: -0
      objectReference: {fileID: 0}
    - target: {fileID: 1916133428178709485, guid: ee1ee12a59dc03143b60881395e287ea,
        type: 3}
      propertyPath: m_LocalRotation.w
      value: 1
      objectReference: {fileID: 0}
    - target: {fileID: 1916133428178709485, guid: ee1ee12a59dc03143b60881395e287ea,
        type: 3}
      propertyPath: m_RootOrder
      value: 11
      objectReference: {fileID: 0}
    - target: {fileID: 1916133428178709485, guid: ee1ee12a59dc03143b60881395e287ea,
        type: 3}
      propertyPath: m_LocalEulerAnglesHint.x
      value: 0
      objectReference: {fileID: 0}
    - target: {fileID: 1916133428178709485, guid: ee1ee12a59dc03143b60881395e287ea,
        type: 3}
      propertyPath: m_LocalEulerAnglesHint.y
      value: 0
      objectReference: {fileID: 0}
    - target: {fileID: 1916133428178709485, guid: ee1ee12a59dc03143b60881395e287ea,
        type: 3}
      propertyPath: m_LocalEulerAnglesHint.z
      value: 0
      objectReference: {fileID: 0}
    m_RemovedComponents: []
  m_SourcePrefab: {fileID: 100100000, guid: ee1ee12a59dc03143b60881395e287ea, type: 3}
--- !u!1001 &1100127729784560680
PrefabInstance:
  m_ObjectHideFlags: 0
  serializedVersion: 2
  m_Modification:
    m_TransformParent: {fileID: 2141738713551358526}
    m_Modifications:
    - target: {fileID: 7996172359004653422, guid: 765f0d260a9fe4d4c9b4018b797b0ef1,
        type: 3}
      propertyPath: m_LocalPosition.x
      value: 0
      objectReference: {fileID: 0}
    - target: {fileID: 7996172359004653422, guid: 765f0d260a9fe4d4c9b4018b797b0ef1,
        type: 3}
      propertyPath: m_LocalPosition.y
      value: 0
      objectReference: {fileID: 0}
    - target: {fileID: 7996172359004653422, guid: 765f0d260a9fe4d4c9b4018b797b0ef1,
        type: 3}
      propertyPath: m_LocalPosition.z
      value: 0
      objectReference: {fileID: 0}
    - target: {fileID: 7996172359004653422, guid: 765f0d260a9fe4d4c9b4018b797b0ef1,
        type: 3}
      propertyPath: m_LocalRotation.x
      value: -0
      objectReference: {fileID: 0}
    - target: {fileID: 7996172359004653422, guid: 765f0d260a9fe4d4c9b4018b797b0ef1,
        type: 3}
      propertyPath: m_LocalRotation.y
      value: -0
      objectReference: {fileID: 0}
    - target: {fileID: 7996172359004653422, guid: 765f0d260a9fe4d4c9b4018b797b0ef1,
        type: 3}
      propertyPath: m_LocalRotation.z
      value: -0
      objectReference: {fileID: 0}
    - target: {fileID: 7996172359004653422, guid: 765f0d260a9fe4d4c9b4018b797b0ef1,
        type: 3}
      propertyPath: m_LocalRotation.w
      value: 1
      objectReference: {fileID: 0}
    - target: {fileID: 7996172359004653422, guid: 765f0d260a9fe4d4c9b4018b797b0ef1,
        type: 3}
      propertyPath: m_RootOrder
      value: 30
      objectReference: {fileID: 0}
    - target: {fileID: 7996172359004653422, guid: 765f0d260a9fe4d4c9b4018b797b0ef1,
        type: 3}
      propertyPath: m_LocalEulerAnglesHint.x
      value: 0
      objectReference: {fileID: 0}
    - target: {fileID: 7996172359004653422, guid: 765f0d260a9fe4d4c9b4018b797b0ef1,
        type: 3}
      propertyPath: m_LocalEulerAnglesHint.y
      value: 0
      objectReference: {fileID: 0}
    - target: {fileID: 7996172359004653422, guid: 765f0d260a9fe4d4c9b4018b797b0ef1,
        type: 3}
      propertyPath: m_LocalEulerAnglesHint.z
      value: 0
      objectReference: {fileID: 0}
    - target: {fileID: 7996172359004653423, guid: 765f0d260a9fe4d4c9b4018b797b0ef1,
        type: 3}
      propertyPath: m_Name
      value: Pot
      objectReference: {fileID: 0}
    m_RemovedComponents: []
  m_SourcePrefab: {fileID: 100100000, guid: 765f0d260a9fe4d4c9b4018b797b0ef1, type: 3}
--- !u!1001 &1171041250586244303
PrefabInstance:
  m_ObjectHideFlags: 0
  serializedVersion: 2
  m_Modification:
    m_TransformParent: {fileID: 2141738713551358526}
    m_Modifications:
    - target: {fileID: 7996172359004653422, guid: 765f0d260a9fe4d4c9b4018b797b0ef1,
        type: 3}
      propertyPath: m_LocalPosition.x
      value: 2
      objectReference: {fileID: 0}
    - target: {fileID: 7996172359004653422, guid: 765f0d260a9fe4d4c9b4018b797b0ef1,
        type: 3}
      propertyPath: m_LocalPosition.y
      value: -4
      objectReference: {fileID: 0}
    - target: {fileID: 7996172359004653422, guid: 765f0d260a9fe4d4c9b4018b797b0ef1,
        type: 3}
      propertyPath: m_LocalPosition.z
      value: 0
      objectReference: {fileID: 0}
    - target: {fileID: 7996172359004653422, guid: 765f0d260a9fe4d4c9b4018b797b0ef1,
        type: 3}
      propertyPath: m_LocalRotation.x
      value: -0
      objectReference: {fileID: 0}
    - target: {fileID: 7996172359004653422, guid: 765f0d260a9fe4d4c9b4018b797b0ef1,
        type: 3}
      propertyPath: m_LocalRotation.y
      value: -0
      objectReference: {fileID: 0}
    - target: {fileID: 7996172359004653422, guid: 765f0d260a9fe4d4c9b4018b797b0ef1,
        type: 3}
      propertyPath: m_LocalRotation.z
      value: -0
      objectReference: {fileID: 0}
    - target: {fileID: 7996172359004653422, guid: 765f0d260a9fe4d4c9b4018b797b0ef1,
        type: 3}
      propertyPath: m_LocalRotation.w
      value: 1
      objectReference: {fileID: 0}
    - target: {fileID: 7996172359004653422, guid: 765f0d260a9fe4d4c9b4018b797b0ef1,
        type: 3}
      propertyPath: m_RootOrder
      value: 32
      objectReference: {fileID: 0}
    - target: {fileID: 7996172359004653422, guid: 765f0d260a9fe4d4c9b4018b797b0ef1,
        type: 3}
      propertyPath: m_LocalEulerAnglesHint.x
      value: 0
      objectReference: {fileID: 0}
    - target: {fileID: 7996172359004653422, guid: 765f0d260a9fe4d4c9b4018b797b0ef1,
        type: 3}
      propertyPath: m_LocalEulerAnglesHint.y
      value: 0
      objectReference: {fileID: 0}
    - target: {fileID: 7996172359004653422, guid: 765f0d260a9fe4d4c9b4018b797b0ef1,
        type: 3}
      propertyPath: m_LocalEulerAnglesHint.z
      value: 0
      objectReference: {fileID: 0}
    - target: {fileID: 7996172359004653423, guid: 765f0d260a9fe4d4c9b4018b797b0ef1,
        type: 3}
      propertyPath: m_Name
      value: Pot (2)
      objectReference: {fileID: 0}
    m_RemovedComponents: []
  m_SourcePrefab: {fileID: 100100000, guid: 765f0d260a9fe4d4c9b4018b797b0ef1, type: 3}
--- !u!1001 &1312150118152486964
PrefabInstance:
  m_ObjectHideFlags: 0
  serializedVersion: 2
  m_Modification:
    m_TransformParent: {fileID: 2141738713551358526}
    m_Modifications:
    - target: {fileID: 5023654483605013172, guid: d108fa022d7f3e2419bd6aa6c69219b3,
        type: 3}
      propertyPath: m_LocalPosition.x
      value: 1
      objectReference: {fileID: 0}
    - target: {fileID: 5023654483605013172, guid: d108fa022d7f3e2419bd6aa6c69219b3,
        type: 3}
      propertyPath: m_LocalPosition.y
      value: -5
      objectReference: {fileID: 0}
    - target: {fileID: 5023654483605013172, guid: d108fa022d7f3e2419bd6aa6c69219b3,
        type: 3}
      propertyPath: m_LocalPosition.z
      value: 0
      objectReference: {fileID: 0}
    - target: {fileID: 5023654483605013172, guid: d108fa022d7f3e2419bd6aa6c69219b3,
        type: 3}
      propertyPath: m_LocalRotation.x
      value: 0
      objectReference: {fileID: 0}
    - target: {fileID: 5023654483605013172, guid: d108fa022d7f3e2419bd6aa6c69219b3,
        type: 3}
      propertyPath: m_LocalRotation.y
      value: 0
      objectReference: {fileID: 0}
    - target: {fileID: 5023654483605013172, guid: d108fa022d7f3e2419bd6aa6c69219b3,
        type: 3}
      propertyPath: m_LocalRotation.z
      value: 0
      objectReference: {fileID: 0}
    - target: {fileID: 5023654483605013172, guid: d108fa022d7f3e2419bd6aa6c69219b3,
        type: 3}
      propertyPath: m_LocalRotation.w
      value: 1
      objectReference: {fileID: 0}
    - target: {fileID: 5023654483605013172, guid: d108fa022d7f3e2419bd6aa6c69219b3,
        type: 3}
      propertyPath: m_RootOrder
      value: 20
      objectReference: {fileID: 0}
    - target: {fileID: 5023654483605013172, guid: d108fa022d7f3e2419bd6aa6c69219b3,
        type: 3}
      propertyPath: m_LocalEulerAnglesHint.x
      value: 0
      objectReference: {fileID: 0}
    - target: {fileID: 5023654483605013172, guid: d108fa022d7f3e2419bd6aa6c69219b3,
        type: 3}
      propertyPath: m_LocalEulerAnglesHint.y
      value: 0
      objectReference: {fileID: 0}
    - target: {fileID: 5023654483605013172, guid: d108fa022d7f3e2419bd6aa6c69219b3,
        type: 3}
      propertyPath: m_LocalEulerAnglesHint.z
      value: 0
      objectReference: {fileID: 0}
    - target: {fileID: 5023654483605013175, guid: d108fa022d7f3e2419bd6aa6c69219b3,
        type: 3}
      propertyPath: m_Name
      value: DirtBlock (4)
      objectReference: {fileID: 0}
    m_RemovedComponents: []
  m_SourcePrefab: {fileID: 100100000, guid: d108fa022d7f3e2419bd6aa6c69219b3, type: 3}
--- !u!1001 &1701259629092484814
PrefabInstance:
  m_ObjectHideFlags: 0
  serializedVersion: 2
  m_Modification:
    m_TransformParent: {fileID: 2141738713551358526}
    m_Modifications:
    - target: {fileID: 5023654483605013172, guid: 745775e6a5606404c9d1c334d863087e,
        type: 3}
      propertyPath: m_LocalPosition.x
      value: 1
      objectReference: {fileID: 0}
    - target: {fileID: 5023654483605013172, guid: 745775e6a5606404c9d1c334d863087e,
        type: 3}
      propertyPath: m_LocalPosition.y
      value: 3
      objectReference: {fileID: 0}
    - target: {fileID: 5023654483605013172, guid: 745775e6a5606404c9d1c334d863087e,
        type: 3}
      propertyPath: m_LocalPosition.z
      value: 0
      objectReference: {fileID: 0}
    - target: {fileID: 5023654483605013172, guid: 745775e6a5606404c9d1c334d863087e,
        type: 3}
      propertyPath: m_LocalRotation.x
      value: -0
      objectReference: {fileID: 0}
    - target: {fileID: 5023654483605013172, guid: 745775e6a5606404c9d1c334d863087e,
        type: 3}
      propertyPath: m_LocalRotation.y
      value: -0
      objectReference: {fileID: 0}
    - target: {fileID: 5023654483605013172, guid: 745775e6a5606404c9d1c334d863087e,
        type: 3}
      propertyPath: m_LocalRotation.z
      value: -0
      objectReference: {fileID: 0}
    - target: {fileID: 5023654483605013172, guid: 745775e6a5606404c9d1c334d863087e,
        type: 3}
      propertyPath: m_LocalRotation.w
      value: 1
      objectReference: {fileID: 0}
    - target: {fileID: 5023654483605013172, guid: 745775e6a5606404c9d1c334d863087e,
        type: 3}
      propertyPath: m_RootOrder
      value: 5
      objectReference: {fileID: 0}
    - target: {fileID: 5023654483605013172, guid: 745775e6a5606404c9d1c334d863087e,
        type: 3}
      propertyPath: m_LocalEulerAnglesHint.x
      value: 0
      objectReference: {fileID: 0}
    - target: {fileID: 5023654483605013172, guid: 745775e6a5606404c9d1c334d863087e,
        type: 3}
      propertyPath: m_LocalEulerAnglesHint.y
      value: 0
      objectReference: {fileID: 0}
    - target: {fileID: 5023654483605013172, guid: 745775e6a5606404c9d1c334d863087e,
        type: 3}
      propertyPath: m_LocalEulerAnglesHint.z
      value: 0
      objectReference: {fileID: 0}
    - target: {fileID: 5023654483605013175, guid: 745775e6a5606404c9d1c334d863087e,
        type: 3}
      propertyPath: m_Name
      value: StoneBlock (2)
      objectReference: {fileID: 0}
    m_RemovedComponents: []
  m_SourcePrefab: {fileID: 100100000, guid: 745775e6a5606404c9d1c334d863087e, type: 3}
--- !u!1001 &2342767396703742040
PrefabInstance:
  m_ObjectHideFlags: 0
  serializedVersion: 2
  m_Modification:
    m_TransformParent: {fileID: 2141738713551358526}
    m_Modifications:
    - target: {fileID: 7996172359004653422, guid: 765f0d260a9fe4d4c9b4018b797b0ef1,
        type: 3}
      propertyPath: m_LocalPosition.x
      value: -1
      objectReference: {fileID: 0}
    - target: {fileID: 7996172359004653422, guid: 765f0d260a9fe4d4c9b4018b797b0ef1,
        type: 3}
      propertyPath: m_LocalPosition.y
      value: 4
      objectReference: {fileID: 0}
    - target: {fileID: 7996172359004653422, guid: 765f0d260a9fe4d4c9b4018b797b0ef1,
        type: 3}
      propertyPath: m_LocalPosition.z
      value: 0
      objectReference: {fileID: 0}
    - target: {fileID: 7996172359004653422, guid: 765f0d260a9fe4d4c9b4018b797b0ef1,
        type: 3}
      propertyPath: m_LocalRotation.x
      value: -0
      objectReference: {fileID: 0}
    - target: {fileID: 7996172359004653422, guid: 765f0d260a9fe4d4c9b4018b797b0ef1,
        type: 3}
      propertyPath: m_LocalRotation.y
      value: -0
      objectReference: {fileID: 0}
    - target: {fileID: 7996172359004653422, guid: 765f0d260a9fe4d4c9b4018b797b0ef1,
        type: 3}
      propertyPath: m_LocalRotation.z
      value: -0
      objectReference: {fileID: 0}
    - target: {fileID: 7996172359004653422, guid: 765f0d260a9fe4d4c9b4018b797b0ef1,
        type: 3}
      propertyPath: m_LocalRotation.w
      value: 1
      objectReference: {fileID: 0}
    - target: {fileID: 7996172359004653422, guid: 765f0d260a9fe4d4c9b4018b797b0ef1,
        type: 3}
      propertyPath: m_RootOrder
      value: 31
      objectReference: {fileID: 0}
    - target: {fileID: 7996172359004653422, guid: 765f0d260a9fe4d4c9b4018b797b0ef1,
        type: 3}
      propertyPath: m_LocalEulerAnglesHint.x
      value: 0
      objectReference: {fileID: 0}
    - target: {fileID: 7996172359004653422, guid: 765f0d260a9fe4d4c9b4018b797b0ef1,
        type: 3}
      propertyPath: m_LocalEulerAnglesHint.y
      value: 0
      objectReference: {fileID: 0}
    - target: {fileID: 7996172359004653422, guid: 765f0d260a9fe4d4c9b4018b797b0ef1,
        type: 3}
      propertyPath: m_LocalEulerAnglesHint.z
      value: 0
      objectReference: {fileID: 0}
    - target: {fileID: 7996172359004653423, guid: 765f0d260a9fe4d4c9b4018b797b0ef1,
        type: 3}
      propertyPath: m_Name
      value: Pot (1)
      objectReference: {fileID: 0}
    m_RemovedComponents: []
  m_SourcePrefab: {fileID: 100100000, guid: 765f0d260a9fe4d4c9b4018b797b0ef1, type: 3}
--- !u!1001 &2753163545828091512
PrefabInstance:
  m_ObjectHideFlags: 0
  serializedVersion: 2
  m_Modification:
    m_TransformParent: {fileID: 2141738713551358526}
    m_Modifications:
    - target: {fileID: 5023654483605013172, guid: 745775e6a5606404c9d1c334d863087e,
        type: 3}
      propertyPath: m_LocalPosition.x
      value: -2
      objectReference: {fileID: 0}
    - target: {fileID: 5023654483605013172, guid: 745775e6a5606404c9d1c334d863087e,
        type: 3}
      propertyPath: m_LocalPosition.y
      value: 3
      objectReference: {fileID: 0}
    - target: {fileID: 5023654483605013172, guid: 745775e6a5606404c9d1c334d863087e,
        type: 3}
      propertyPath: m_LocalPosition.z
      value: 0
      objectReference: {fileID: 0}
    - target: {fileID: 5023654483605013172, guid: 745775e6a5606404c9d1c334d863087e,
        type: 3}
      propertyPath: m_LocalRotation.x
      value: -0
      objectReference: {fileID: 0}
    - target: {fileID: 5023654483605013172, guid: 745775e6a5606404c9d1c334d863087e,
        type: 3}
      propertyPath: m_LocalRotation.y
      value: -0
      objectReference: {fileID: 0}
    - target: {fileID: 5023654483605013172, guid: 745775e6a5606404c9d1c334d863087e,
        type: 3}
      propertyPath: m_LocalRotation.z
      value: -0
      objectReference: {fileID: 0}
    - target: {fileID: 5023654483605013172, guid: 745775e6a5606404c9d1c334d863087e,
        type: 3}
      propertyPath: m_LocalRotation.w
      value: 1
      objectReference: {fileID: 0}
    - target: {fileID: 5023654483605013172, guid: 745775e6a5606404c9d1c334d863087e,
        type: 3}
      propertyPath: m_RootOrder
      value: 6
      objectReference: {fileID: 0}
    - target: {fileID: 5023654483605013172, guid: 745775e6a5606404c9d1c334d863087e,
        type: 3}
      propertyPath: m_LocalEulerAnglesHint.x
      value: 0
      objectReference: {fileID: 0}
    - target: {fileID: 5023654483605013172, guid: 745775e6a5606404c9d1c334d863087e,
        type: 3}
      propertyPath: m_LocalEulerAnglesHint.y
      value: 0
      objectReference: {fileID: 0}
    - target: {fileID: 5023654483605013172, guid: 745775e6a5606404c9d1c334d863087e,
        type: 3}
      propertyPath: m_LocalEulerAnglesHint.z
      value: 0
      objectReference: {fileID: 0}
    - target: {fileID: 5023654483605013175, guid: 745775e6a5606404c9d1c334d863087e,
        type: 3}
      propertyPath: m_Name
      value: StoneBlock (3)
      objectReference: {fileID: 0}
    m_RemovedComponents: []
  m_SourcePrefab: {fileID: 100100000, guid: 745775e6a5606404c9d1c334d863087e, type: 3}
--- !u!1001 &3019600692235419191
PrefabInstance:
  m_ObjectHideFlags: 0
  serializedVersion: 2
  m_Modification:
    m_TransformParent: {fileID: 2141738713551358526}
    m_Modifications:
    - target: {fileID: 9096179608304022088, guid: 467d5d519447ba84b86684edeaabfd1b,
        type: 3}
      propertyPath: m_LocalPosition.x
      value: 1
      objectReference: {fileID: 0}
    - target: {fileID: 9096179608304022088, guid: 467d5d519447ba84b86684edeaabfd1b,
        type: 3}
      propertyPath: m_LocalPosition.y
      value: 1
      objectReference: {fileID: 0}
    - target: {fileID: 9096179608304022088, guid: 467d5d519447ba84b86684edeaabfd1b,
        type: 3}
      propertyPath: m_LocalPosition.z
      value: 0
      objectReference: {fileID: 0}
    - target: {fileID: 9096179608304022088, guid: 467d5d519447ba84b86684edeaabfd1b,
        type: 3}
      propertyPath: m_LocalRotation.x
      value: -0
      objectReference: {fileID: 0}
    - target: {fileID: 9096179608304022088, guid: 467d5d519447ba84b86684edeaabfd1b,
        type: 3}
      propertyPath: m_LocalRotation.y
      value: -0
      objectReference: {fileID: 0}
    - target: {fileID: 9096179608304022088, guid: 467d5d519447ba84b86684edeaabfd1b,
        type: 3}
      propertyPath: m_LocalRotation.z
      value: -0
      objectReference: {fileID: 0}
    - target: {fileID: 9096179608304022088, guid: 467d5d519447ba84b86684edeaabfd1b,
        type: 3}
      propertyPath: m_LocalRotation.w
      value: 1
      objectReference: {fileID: 0}
    - target: {fileID: 9096179608304022088, guid: 467d5d519447ba84b86684edeaabfd1b,
        type: 3}
      propertyPath: m_RootOrder
      value: 16
      objectReference: {fileID: 0}
    - target: {fileID: 9096179608304022088, guid: 467d5d519447ba84b86684edeaabfd1b,
        type: 3}
      propertyPath: m_LocalEulerAnglesHint.x
      value: 0
      objectReference: {fileID: 0}
    - target: {fileID: 9096179608304022088, guid: 467d5d519447ba84b86684edeaabfd1b,
        type: 3}
      propertyPath: m_LocalEulerAnglesHint.y
      value: 0
      objectReference: {fileID: 0}
    - target: {fileID: 9096179608304022088, guid: 467d5d519447ba84b86684edeaabfd1b,
        type: 3}
      propertyPath: m_LocalEulerAnglesHint.z
      value: 0
      objectReference: {fileID: 0}
    - target: {fileID: 9096179608304022089, guid: 467d5d519447ba84b86684edeaabfd1b,
        type: 3}
      propertyPath: m_Name
      value: RandomSpawn (1)
      objectReference: {fileID: 0}
    m_RemovedComponents: []
  m_SourcePrefab: {fileID: 100100000, guid: 467d5d519447ba84b86684edeaabfd1b, type: 3}
--- !u!1001 &3273717760649753177
PrefabInstance:
  m_ObjectHideFlags: 0
  serializedVersion: 2
  m_Modification:
    m_TransformParent: {fileID: 2141738713551358526}
    m_Modifications:
    - target: {fileID: 5023654483605013172, guid: d108fa022d7f3e2419bd6aa6c69219b3,
        type: 3}
      propertyPath: m_LocalPosition.x
      value: -1
      objectReference: {fileID: 0}
    - target: {fileID: 5023654483605013172, guid: d108fa022d7f3e2419bd6aa6c69219b3,
        type: 3}
      propertyPath: m_LocalPosition.y
      value: -5
      objectReference: {fileID: 0}
    - target: {fileID: 5023654483605013172, guid: d108fa022d7f3e2419bd6aa6c69219b3,
        type: 3}
      propertyPath: m_LocalPosition.z
      value: 0
      objectReference: {fileID: 0}
    - target: {fileID: 5023654483605013172, guid: d108fa022d7f3e2419bd6aa6c69219b3,
        type: 3}
      propertyPath: m_LocalRotation.x
      value: 0
      objectReference: {fileID: 0}
    - target: {fileID: 5023654483605013172, guid: d108fa022d7f3e2419bd6aa6c69219b3,
        type: 3}
      propertyPath: m_LocalRotation.y
      value: 0
      objectReference: {fileID: 0}
    - target: {fileID: 5023654483605013172, guid: d108fa022d7f3e2419bd6aa6c69219b3,
        type: 3}
      propertyPath: m_LocalRotation.z
      value: 0
      objectReference: {fileID: 0}
    - target: {fileID: 5023654483605013172, guid: d108fa022d7f3e2419bd6aa6c69219b3,
        type: 3}
      propertyPath: m_LocalRotation.w
      value: 1
      objectReference: {fileID: 0}
    - target: {fileID: 5023654483605013172, guid: d108fa022d7f3e2419bd6aa6c69219b3,
        type: 3}
      propertyPath: m_RootOrder
      value: 19
      objectReference: {fileID: 0}
    - target: {fileID: 5023654483605013172, guid: d108fa022d7f3e2419bd6aa6c69219b3,
        type: 3}
      propertyPath: m_LocalEulerAnglesHint.x
      value: 0
      objectReference: {fileID: 0}
    - target: {fileID: 5023654483605013172, guid: d108fa022d7f3e2419bd6aa6c69219b3,
        type: 3}
      propertyPath: m_LocalEulerAnglesHint.y
      value: 0
      objectReference: {fileID: 0}
    - target: {fileID: 5023654483605013172, guid: d108fa022d7f3e2419bd6aa6c69219b3,
        type: 3}
      propertyPath: m_LocalEulerAnglesHint.z
      value: 0
      objectReference: {fileID: 0}
    - target: {fileID: 5023654483605013175, guid: d108fa022d7f3e2419bd6aa6c69219b3,
        type: 3}
      propertyPath: m_Name
      value: DirtBlock (3)
      objectReference: {fileID: 0}
    m_RemovedComponents: []
  m_SourcePrefab: {fileID: 100100000, guid: d108fa022d7f3e2419bd6aa6c69219b3, type: 3}
--- !u!1001 &3278560241103180555
PrefabInstance:
  m_ObjectHideFlags: 0
  serializedVersion: 2
  m_Modification:
    m_TransformParent: {fileID: 2141738713551358526}
    m_Modifications:
    - target: {fileID: 9096179608304022088, guid: 467d5d519447ba84b86684edeaabfd1b,
        type: 3}
      propertyPath: m_LocalPosition.x
      value: 3
      objectReference: {fileID: 0}
    - target: {fileID: 9096179608304022088, guid: 467d5d519447ba84b86684edeaabfd1b,
        type: 3}
      propertyPath: m_LocalPosition.y
      value: -3
      objectReference: {fileID: 0}
    - target: {fileID: 9096179608304022088, guid: 467d5d519447ba84b86684edeaabfd1b,
        type: 3}
      propertyPath: m_LocalPosition.z
      value: 0
      objectReference: {fileID: 0}
    - target: {fileID: 9096179608304022088, guid: 467d5d519447ba84b86684edeaabfd1b,
        type: 3}
      propertyPath: m_LocalRotation.x
      value: -0
      objectReference: {fileID: 0}
    - target: {fileID: 9096179608304022088, guid: 467d5d519447ba84b86684edeaabfd1b,
        type: 3}
      propertyPath: m_LocalRotation.y
      value: -0
      objectReference: {fileID: 0}
    - target: {fileID: 9096179608304022088, guid: 467d5d519447ba84b86684edeaabfd1b,
        type: 3}
      propertyPath: m_LocalRotation.z
      value: -0
      objectReference: {fileID: 0}
    - target: {fileID: 9096179608304022088, guid: 467d5d519447ba84b86684edeaabfd1b,
        type: 3}
      propertyPath: m_LocalRotation.w
      value: 1
      objectReference: {fileID: 0}
    - target: {fileID: 9096179608304022088, guid: 467d5d519447ba84b86684edeaabfd1b,
        type: 3}
      propertyPath: m_RootOrder
      value: 17
      objectReference: {fileID: 0}
    - target: {fileID: 9096179608304022088, guid: 467d5d519447ba84b86684edeaabfd1b,
        type: 3}
      propertyPath: m_LocalEulerAnglesHint.x
      value: 0
      objectReference: {fileID: 0}
    - target: {fileID: 9096179608304022088, guid: 467d5d519447ba84b86684edeaabfd1b,
        type: 3}
      propertyPath: m_LocalEulerAnglesHint.y
      value: 0
      objectReference: {fileID: 0}
    - target: {fileID: 9096179608304022088, guid: 467d5d519447ba84b86684edeaabfd1b,
        type: 3}
      propertyPath: m_LocalEulerAnglesHint.z
      value: 0
      objectReference: {fileID: 0}
    - target: {fileID: 9096179608304022089, guid: 467d5d519447ba84b86684edeaabfd1b,
        type: 3}
      propertyPath: m_Name
      value: RandomSpawn (2)
      objectReference: {fileID: 0}
    m_RemovedComponents: []
  m_SourcePrefab: {fileID: 100100000, guid: 467d5d519447ba84b86684edeaabfd1b, type: 3}
--- !u!1001 &3603026738561747913
PrefabInstance:
  m_ObjectHideFlags: 0
  serializedVersion: 2
  m_Modification:
    m_TransformParent: {fileID: 2141738713551358526}
    m_Modifications:
    - target: {fileID: 5023654483605013172, guid: d108fa022d7f3e2419bd6aa6c69219b3,
        type: 3}
      propertyPath: m_LocalPosition.x
      value: -3
      objectReference: {fileID: 0}
    - target: {fileID: 5023654483605013172, guid: d108fa022d7f3e2419bd6aa6c69219b3,
        type: 3}
      propertyPath: m_LocalPosition.y
      value: -5
      objectReference: {fileID: 0}
    - target: {fileID: 5023654483605013172, guid: d108fa022d7f3e2419bd6aa6c69219b3,
        type: 3}
      propertyPath: m_LocalPosition.z
      value: 0
      objectReference: {fileID: 0}
    - target: {fileID: 5023654483605013172, guid: d108fa022d7f3e2419bd6aa6c69219b3,
        type: 3}
      propertyPath: m_LocalRotation.x
      value: 0
      objectReference: {fileID: 0}
    - target: {fileID: 5023654483605013172, guid: d108fa022d7f3e2419bd6aa6c69219b3,
        type: 3}
      propertyPath: m_LocalRotation.y
      value: 0
      objectReference: {fileID: 0}
    - target: {fileID: 5023654483605013172, guid: d108fa022d7f3e2419bd6aa6c69219b3,
        type: 3}
      propertyPath: m_LocalRotation.z
      value: 0
      objectReference: {fileID: 0}
    - target: {fileID: 5023654483605013172, guid: d108fa022d7f3e2419bd6aa6c69219b3,
        type: 3}
      propertyPath: m_LocalRotation.w
      value: 1
      objectReference: {fileID: 0}
    - target: {fileID: 5023654483605013172, guid: d108fa022d7f3e2419bd6aa6c69219b3,
        type: 3}
      propertyPath: m_RootOrder
      value: 25
      objectReference: {fileID: 0}
    - target: {fileID: 5023654483605013172, guid: d108fa022d7f3e2419bd6aa6c69219b3,
        type: 3}
      propertyPath: m_LocalEulerAnglesHint.x
      value: 0
      objectReference: {fileID: 0}
    - target: {fileID: 5023654483605013172, guid: d108fa022d7f3e2419bd6aa6c69219b3,
        type: 3}
      propertyPath: m_LocalEulerAnglesHint.y
      value: 0
      objectReference: {fileID: 0}
    - target: {fileID: 5023654483605013172, guid: d108fa022d7f3e2419bd6aa6c69219b3,
        type: 3}
      propertyPath: m_LocalEulerAnglesHint.z
      value: 0
      objectReference: {fileID: 0}
    - target: {fileID: 5023654483605013175, guid: d108fa022d7f3e2419bd6aa6c69219b3,
        type: 3}
      propertyPath: m_Name
      value: DirtBlock (9)
      objectReference: {fileID: 0}
    m_RemovedComponents: []
  m_SourcePrefab: {fileID: 100100000, guid: d108fa022d7f3e2419bd6aa6c69219b3, type: 3}
--- !u!1001 &3939944027498872881
PrefabInstance:
  m_ObjectHideFlags: 0
  serializedVersion: 2
  m_Modification:
    m_TransformParent: {fileID: 2141738713551358526}
    m_Modifications:
    - target: {fileID: 9096179608304022088, guid: 467d5d519447ba84b86684edeaabfd1b,
        type: 3}
      propertyPath: m_LocalPosition.x
      value: -3
      objectReference: {fileID: 0}
    - target: {fileID: 9096179608304022088, guid: 467d5d519447ba84b86684edeaabfd1b,
        type: 3}
      propertyPath: m_LocalPosition.y
      value: -3
      objectReference: {fileID: 0}
    - target: {fileID: 9096179608304022088, guid: 467d5d519447ba84b86684edeaabfd1b,
        type: 3}
      propertyPath: m_LocalPosition.z
      value: 0
      objectReference: {fileID: 0}
    - target: {fileID: 9096179608304022088, guid: 467d5d519447ba84b86684edeaabfd1b,
        type: 3}
      propertyPath: m_LocalRotation.x
      value: -0
      objectReference: {fileID: 0}
    - target: {fileID: 9096179608304022088, guid: 467d5d519447ba84b86684edeaabfd1b,
        type: 3}
      propertyPath: m_LocalRotation.y
      value: -0
      objectReference: {fileID: 0}
    - target: {fileID: 9096179608304022088, guid: 467d5d519447ba84b86684edeaabfd1b,
        type: 3}
      propertyPath: m_LocalRotation.z
      value: -0
      objectReference: {fileID: 0}
    - target: {fileID: 9096179608304022088, guid: 467d5d519447ba84b86684edeaabfd1b,
        type: 3}
      propertyPath: m_LocalRotation.w
      value: 1
      objectReference: {fileID: 0}
    - target: {fileID: 9096179608304022088, guid: 467d5d519447ba84b86684edeaabfd1b,
        type: 3}
      propertyPath: m_RootOrder
      value: 18
      objectReference: {fileID: 0}
    - target: {fileID: 9096179608304022088, guid: 467d5d519447ba84b86684edeaabfd1b,
        type: 3}
      propertyPath: m_LocalEulerAnglesHint.x
      value: 0
      objectReference: {fileID: 0}
    - target: {fileID: 9096179608304022088, guid: 467d5d519447ba84b86684edeaabfd1b,
        type: 3}
      propertyPath: m_LocalEulerAnglesHint.y
      value: 0
      objectReference: {fileID: 0}
    - target: {fileID: 9096179608304022088, guid: 467d5d519447ba84b86684edeaabfd1b,
        type: 3}
      propertyPath: m_LocalEulerAnglesHint.z
      value: 0
      objectReference: {fileID: 0}
    - target: {fileID: 9096179608304022089, guid: 467d5d519447ba84b86684edeaabfd1b,
        type: 3}
      propertyPath: m_Name
      value: RandomSpawn (3)
      objectReference: {fileID: 0}
    m_RemovedComponents: []
  m_SourcePrefab: {fileID: 100100000, guid: 467d5d519447ba84b86684edeaabfd1b, type: 3}
--- !u!1001 &4071878381754212110
PrefabInstance:
  m_ObjectHideFlags: 0
  serializedVersion: 2
  m_Modification:
    m_TransformParent: {fileID: 0}
    m_Modifications:
    - target: {fileID: 2682680638236202288, guid: cfdee51da0149ef43882c99c8033f92c,
        type: 3}
      propertyPath: m_LocalPosition.x
      value: 0
      objectReference: {fileID: 0}
    - target: {fileID: 2682680638236202288, guid: cfdee51da0149ef43882c99c8033f92c,
        type: 3}
      propertyPath: m_LocalPosition.y
      value: -0.5
      objectReference: {fileID: 0}
    - target: {fileID: 2682680638236202288, guid: cfdee51da0149ef43882c99c8033f92c,
        type: 3}
      propertyPath: m_LocalPosition.z
      value: 0
      objectReference: {fileID: 0}
    - target: {fileID: 2682680638236202288, guid: cfdee51da0149ef43882c99c8033f92c,
        type: 3}
      propertyPath: m_LocalRotation.x
      value: -0
      objectReference: {fileID: 0}
    - target: {fileID: 2682680638236202288, guid: cfdee51da0149ef43882c99c8033f92c,
        type: 3}
      propertyPath: m_LocalRotation.y
      value: -0
      objectReference: {fileID: 0}
    - target: {fileID: 2682680638236202288, guid: cfdee51da0149ef43882c99c8033f92c,
        type: 3}
      propertyPath: m_LocalRotation.z
      value: -0
      objectReference: {fileID: 0}
    - target: {fileID: 2682680638236202288, guid: cfdee51da0149ef43882c99c8033f92c,
        type: 3}
      propertyPath: m_LocalRotation.w
      value: 1
      objectReference: {fileID: 0}
    - target: {fileID: 2682680638236202288, guid: cfdee51da0149ef43882c99c8033f92c,
        type: 3}
      propertyPath: m_RootOrder
      value: 0
      objectReference: {fileID: 0}
    - target: {fileID: 2682680638236202288, guid: cfdee51da0149ef43882c99c8033f92c,
        type: 3}
      propertyPath: m_LocalEulerAnglesHint.x
      value: 0
      objectReference: {fileID: 0}
    - target: {fileID: 2682680638236202288, guid: cfdee51da0149ef43882c99c8033f92c,
        type: 3}
      propertyPath: m_LocalEulerAnglesHint.y
      value: 0
      objectReference: {fileID: 0}
    - target: {fileID: 2682680638236202288, guid: cfdee51da0149ef43882c99c8033f92c,
        type: 3}
      propertyPath: m_LocalEulerAnglesHint.z
      value: 0
      objectReference: {fileID: 0}
    - target: {fileID: 2682680638236202447, guid: cfdee51da0149ef43882c99c8033f92c,
        type: 3}
      propertyPath: m_Name
      value: Section Stalactite Variant
      objectReference: {fileID: 0}
    - target: {fileID: 3883799423064780787, guid: cfdee51da0149ef43882c99c8033f92c,
        type: 3}
      propertyPath: m_RootOrder
      value: 29
      objectReference: {fileID: 0}
    m_RemovedComponents: []
  m_SourcePrefab: {fileID: 100100000, guid: cfdee51da0149ef43882c99c8033f92c, type: 3}
--- !u!4 &2141738713551358526 stripped
Transform:
  m_CorrespondingSourceObject: {fileID: 2682680638236202288, guid: cfdee51da0149ef43882c99c8033f92c,
    type: 3}
  m_PrefabInstance: {fileID: 4071878381754212110}
  m_PrefabAsset: {fileID: 0}
--- !u!1001 &4618889437934904293
PrefabInstance:
  m_ObjectHideFlags: 0
  serializedVersion: 2
  m_Modification:
    m_TransformParent: {fileID: 2141738713551358526}
    m_Modifications:
    - target: {fileID: 5023654483605013172, guid: 745775e6a5606404c9d1c334d863087e,
        type: 3}
      propertyPath: m_LocalPosition.x
      value: 0
      objectReference: {fileID: 0}
    - target: {fileID: 5023654483605013172, guid: 745775e6a5606404c9d1c334d863087e,
        type: 3}
      propertyPath: m_LocalPosition.y
      value: 3
      objectReference: {fileID: 0}
    - target: {fileID: 5023654483605013172, guid: 745775e6a5606404c9d1c334d863087e,
        type: 3}
      propertyPath: m_LocalPosition.z
      value: 0
      objectReference: {fileID: 0}
    - target: {fileID: 5023654483605013172, guid: 745775e6a5606404c9d1c334d863087e,
        type: 3}
      propertyPath: m_LocalRotation.x
      value: -0
      objectReference: {fileID: 0}
    - target: {fileID: 5023654483605013172, guid: 745775e6a5606404c9d1c334d863087e,
        type: 3}
      propertyPath: m_LocalRotation.y
      value: -0
      objectReference: {fileID: 0}
    - target: {fileID: 5023654483605013172, guid: 745775e6a5606404c9d1c334d863087e,
        type: 3}
      propertyPath: m_LocalRotation.z
      value: -0
      objectReference: {fileID: 0}
    - target: {fileID: 5023654483605013172, guid: 745775e6a5606404c9d1c334d863087e,
        type: 3}
      propertyPath: m_LocalRotation.w
      value: 1
      objectReference: {fileID: 0}
    - target: {fileID: 5023654483605013172, guid: 745775e6a5606404c9d1c334d863087e,
        type: 3}
      propertyPath: m_RootOrder
      value: 4
      objectReference: {fileID: 0}
    - target: {fileID: 5023654483605013172, guid: 745775e6a5606404c9d1c334d863087e,
        type: 3}
      propertyPath: m_LocalEulerAnglesHint.x
      value: 0
      objectReference: {fileID: 0}
    - target: {fileID: 5023654483605013172, guid: 745775e6a5606404c9d1c334d863087e,
        type: 3}
      propertyPath: m_LocalEulerAnglesHint.y
      value: 0
      objectReference: {fileID: 0}
    - target: {fileID: 5023654483605013172, guid: 745775e6a5606404c9d1c334d863087e,
        type: 3}
      propertyPath: m_LocalEulerAnglesHint.z
      value: 0
      objectReference: {fileID: 0}
    - target: {fileID: 5023654483605013175, guid: 745775e6a5606404c9d1c334d863087e,
        type: 3}
      propertyPath: m_Name
      value: StoneBlock (1)
      objectReference: {fileID: 0}
    m_RemovedComponents: []
  m_SourcePrefab: {fileID: 100100000, guid: 745775e6a5606404c9d1c334d863087e, type: 3}
--- !u!1001 &4643499658318308684
PrefabInstance:
  m_ObjectHideFlags: 0
  serializedVersion: 2
  m_Modification:
    m_TransformParent: {fileID: 2141738713551358526}
    m_Modifications:
    - target: {fileID: 8635772673357849256, guid: 3dcde9c22eb1209419f9e89742db998d,
        type: 3}
      propertyPath: m_Name
      value: SpikeSnail
      objectReference: {fileID: 0}
    - target: {fileID: 8635772673357849261, guid: 3dcde9c22eb1209419f9e89742db998d,
        type: 3}
      propertyPath: m_LocalPosition.x
      value: -2.0720403
      objectReference: {fileID: 0}
    - target: {fileID: 8635772673357849261, guid: 3dcde9c22eb1209419f9e89742db998d,
        type: 3}
      propertyPath: m_LocalPosition.y
      value: -4.1598783
      objectReference: {fileID: 0}
    - target: {fileID: 8635772673357849261, guid: 3dcde9c22eb1209419f9e89742db998d,
        type: 3}
      propertyPath: m_LocalPosition.z
      value: -0.8066406
      objectReference: {fileID: 0}
    - target: {fileID: 8635772673357849261, guid: 3dcde9c22eb1209419f9e89742db998d,
        type: 3}
      propertyPath: m_LocalRotation.x
      value: -0
      objectReference: {fileID: 0}
    - target: {fileID: 8635772673357849261, guid: 3dcde9c22eb1209419f9e89742db998d,
        type: 3}
      propertyPath: m_LocalRotation.y
      value: -0
      objectReference: {fileID: 0}
    - target: {fileID: 8635772673357849261, guid: 3dcde9c22eb1209419f9e89742db998d,
        type: 3}
      propertyPath: m_LocalRotation.z
      value: -0
      objectReference: {fileID: 0}
    - target: {fileID: 8635772673357849261, guid: 3dcde9c22eb1209419f9e89742db998d,
        type: 3}
      propertyPath: m_LocalRotation.w
      value: 1
      objectReference: {fileID: 0}
    - target: {fileID: 8635772673357849261, guid: 3dcde9c22eb1209419f9e89742db998d,
        type: 3}
      propertyPath: m_RootOrder
      value: 26
      objectReference: {fileID: 0}
    - target: {fileID: 8635772673357849261, guid: 3dcde9c22eb1209419f9e89742db998d,
        type: 3}
      propertyPath: m_LocalEulerAnglesHint.x
      value: 0
      objectReference: {fileID: 0}
    - target: {fileID: 8635772673357849261, guid: 3dcde9c22eb1209419f9e89742db998d,
        type: 3}
      propertyPath: m_LocalEulerAnglesHint.y
      value: 0
      objectReference: {fileID: 0}
    - target: {fileID: 8635772673357849261, guid: 3dcde9c22eb1209419f9e89742db998d,
        type: 3}
      propertyPath: m_LocalEulerAnglesHint.z
      value: 0
      objectReference: {fileID: 0}
    m_RemovedComponents: []
  m_SourcePrefab: {fileID: 100100000, guid: 3dcde9c22eb1209419f9e89742db998d, type: 3}
--- !u!1001 &5114443196252353340
PrefabInstance:
  m_ObjectHideFlags: 0
  serializedVersion: 2
  m_Modification:
    m_TransformParent: {fileID: 2141738713551358526}
    m_Modifications:
    - target: {fileID: 5023654483605013172, guid: d108fa022d7f3e2419bd6aa6c69219b3,
        type: 3}
      propertyPath: m_LocalPosition.x
      value: -1
      objectReference: {fileID: 0}
    - target: {fileID: 5023654483605013172, guid: d108fa022d7f3e2419bd6aa6c69219b3,
        type: 3}
      propertyPath: m_LocalPosition.y
      value: -1
      objectReference: {fileID: 0}
    - target: {fileID: 5023654483605013172, guid: d108fa022d7f3e2419bd6aa6c69219b3,
        type: 3}
      propertyPath: m_LocalPosition.z
      value: 0
      objectReference: {fileID: 0}
    - target: {fileID: 5023654483605013172, guid: d108fa022d7f3e2419bd6aa6c69219b3,
        type: 3}
      propertyPath: m_LocalRotation.x
      value: 0
      objectReference: {fileID: 0}
    - target: {fileID: 5023654483605013172, guid: d108fa022d7f3e2419bd6aa6c69219b3,
        type: 3}
      propertyPath: m_LocalRotation.y
      value: 0
      objectReference: {fileID: 0}
    - target: {fileID: 5023654483605013172, guid: d108fa022d7f3e2419bd6aa6c69219b3,
        type: 3}
      propertyPath: m_LocalRotation.z
      value: 0
      objectReference: {fileID: 0}
    - target: {fileID: 5023654483605013172, guid: d108fa022d7f3e2419bd6aa6c69219b3,
        type: 3}
      propertyPath: m_LocalRotation.w
      value: 1
      objectReference: {fileID: 0}
    - target: {fileID: 5023654483605013172, guid: d108fa022d7f3e2419bd6aa6c69219b3,
        type: 3}
      propertyPath: m_RootOrder
      value: 12
      objectReference: {fileID: 0}
    - target: {fileID: 5023654483605013172, guid: d108fa022d7f3e2419bd6aa6c69219b3,
        type: 3}
      propertyPath: m_LocalEulerAnglesHint.x
      value: 0
      objectReference: {fileID: 0}
    - target: {fileID: 5023654483605013172, guid: d108fa022d7f3e2419bd6aa6c69219b3,
        type: 3}
      propertyPath: m_LocalEulerAnglesHint.y
      value: 0
      objectReference: {fileID: 0}
    - target: {fileID: 5023654483605013172, guid: d108fa022d7f3e2419bd6aa6c69219b3,
        type: 3}
      propertyPath: m_LocalEulerAnglesHint.z
      value: 0
      objectReference: {fileID: 0}
    - target: {fileID: 5023654483605013175, guid: d108fa022d7f3e2419bd6aa6c69219b3,
        type: 3}
      propertyPath: m_Name
      value: DirtBlock
      objectReference: {fileID: 0}
    m_RemovedComponents: []
  m_SourcePrefab: {fileID: 100100000, guid: d108fa022d7f3e2419bd6aa6c69219b3, type: 3}
--- !u!1001 &5661304418706383576
PrefabInstance:
  m_ObjectHideFlags: 0
  serializedVersion: 2
  m_Modification:
    m_TransformParent: {fileID: 2141738713551358526}
    m_Modifications:
    - target: {fileID: 1916133428178709484, guid: ee1ee12a59dc03143b60881395e287ea,
        type: 3}
      propertyPath: m_Name
      value: Stalactite
      objectReference: {fileID: 0}
    - target: {fileID: 1916133428178709485, guid: ee1ee12a59dc03143b60881395e287ea,
        type: 3}
      propertyPath: m_LocalPosition.x
      value: -1
      objectReference: {fileID: 0}
    - target: {fileID: 1916133428178709485, guid: ee1ee12a59dc03143b60881395e287ea,
        type: 3}
      propertyPath: m_LocalPosition.y
      value: 2.5
      objectReference: {fileID: 0}
    - target: {fileID: 1916133428178709485, guid: ee1ee12a59dc03143b60881395e287ea,
        type: 3}
      propertyPath: m_LocalPosition.z
      value: 0
      objectReference: {fileID: 0}
    - target: {fileID: 1916133428178709485, guid: ee1ee12a59dc03143b60881395e287ea,
        type: 3}
      propertyPath: m_LocalRotation.x
      value: -0
      objectReference: {fileID: 0}
    - target: {fileID: 1916133428178709485, guid: ee1ee12a59dc03143b60881395e287ea,
        type: 3}
      propertyPath: m_LocalRotation.y
      value: -0
      objectReference: {fileID: 0}
    - target: {fileID: 1916133428178709485, guid: ee1ee12a59dc03143b60881395e287ea,
        type: 3}
      propertyPath: m_LocalRotation.z
      value: -0
      objectReference: {fileID: 0}
    - target: {fileID: 1916133428178709485, guid: ee1ee12a59dc03143b60881395e287ea,
        type: 3}
      propertyPath: m_LocalRotation.w
      value: 1
      objectReference: {fileID: 0}
    - target: {fileID: 1916133428178709485, guid: ee1ee12a59dc03143b60881395e287ea,
        type: 3}
      propertyPath: m_RootOrder
      value: 10
      objectReference: {fileID: 0}
    - target: {fileID: 1916133428178709485, guid: ee1ee12a59dc03143b60881395e287ea,
        type: 3}
      propertyPath: m_LocalEulerAnglesHint.x
      value: 0
      objectReference: {fileID: 0}
    - target: {fileID: 1916133428178709485, guid: ee1ee12a59dc03143b60881395e287ea,
        type: 3}
      propertyPath: m_LocalEulerAnglesHint.y
      value: 0
      objectReference: {fileID: 0}
    - target: {fileID: 1916133428178709485, guid: ee1ee12a59dc03143b60881395e287ea,
        type: 3}
      propertyPath: m_LocalEulerAnglesHint.z
      value: 0
      objectReference: {fileID: 0}
    m_RemovedComponents: []
  m_SourcePrefab: {fileID: 100100000, guid: ee1ee12a59dc03143b60881395e287ea, type: 3}
--- !u!1001 &5869979801889503691
PrefabInstance:
  m_ObjectHideFlags: 0
  serializedVersion: 2
  m_Modification:
    m_TransformParent: {fileID: 2141738713551358526}
    m_Modifications:
    - target: {fileID: 5023654483605013172, guid: d108fa022d7f3e2419bd6aa6c69219b3,
        type: 3}
      propertyPath: m_LocalPosition.x
      value: 1
      objectReference: {fileID: 0}
    - target: {fileID: 5023654483605013172, guid: d108fa022d7f3e2419bd6aa6c69219b3,
        type: 3}
      propertyPath: m_LocalPosition.y
      value: -1
      objectReference: {fileID: 0}
    - target: {fileID: 5023654483605013172, guid: d108fa022d7f3e2419bd6aa6c69219b3,
        type: 3}
      propertyPath: m_LocalPosition.z
      value: 0
      objectReference: {fileID: 0}
    - target: {fileID: 5023654483605013172, guid: d108fa022d7f3e2419bd6aa6c69219b3,
        type: 3}
      propertyPath: m_LocalRotation.x
      value: 0
      objectReference: {fileID: 0}
    - target: {fileID: 5023654483605013172, guid: d108fa022d7f3e2419bd6aa6c69219b3,
        type: 3}
      propertyPath: m_LocalRotation.y
      value: 0
      objectReference: {fileID: 0}
    - target: {fileID: 5023654483605013172, guid: d108fa022d7f3e2419bd6aa6c69219b3,
        type: 3}
      propertyPath: m_LocalRotation.z
      value: 0
      objectReference: {fileID: 0}
    - target: {fileID: 5023654483605013172, guid: d108fa022d7f3e2419bd6aa6c69219b3,
        type: 3}
      propertyPath: m_LocalRotation.w
      value: 1
      objectReference: {fileID: 0}
    - target: {fileID: 5023654483605013172, guid: d108fa022d7f3e2419bd6aa6c69219b3,
        type: 3}
      propertyPath: m_RootOrder
      value: 14
      objectReference: {fileID: 0}
    - target: {fileID: 5023654483605013172, guid: d108fa022d7f3e2419bd6aa6c69219b3,
        type: 3}
      propertyPath: m_LocalEulerAnglesHint.x
      value: 0
      objectReference: {fileID: 0}
    - target: {fileID: 5023654483605013172, guid: d108fa022d7f3e2419bd6aa6c69219b3,
        type: 3}
      propertyPath: m_LocalEulerAnglesHint.y
      value: 0
      objectReference: {fileID: 0}
    - target: {fileID: 5023654483605013172, guid: d108fa022d7f3e2419bd6aa6c69219b3,
        type: 3}
      propertyPath: m_LocalEulerAnglesHint.z
      value: 0
      objectReference: {fileID: 0}
    - target: {fileID: 5023654483605013175, guid: d108fa022d7f3e2419bd6aa6c69219b3,
        type: 3}
      propertyPath: m_Name
      value: DirtBlock (2)
      objectReference: {fileID: 0}
    m_RemovedComponents: []
  m_SourcePrefab: {fileID: 100100000, guid: d108fa022d7f3e2419bd6aa6c69219b3, type: 3}
--- !u!1001 &5917156659967186632
PrefabInstance:
  m_ObjectHideFlags: 0
  serializedVersion: 2
  m_Modification:
    m_TransformParent: {fileID: 2141738713551358526}
    m_Modifications:
    - target: {fileID: 5023654483605013172, guid: d108fa022d7f3e2419bd6aa6c69219b3,
        type: 3}
      propertyPath: m_LocalPosition.x
      value: 0
      objectReference: {fileID: 0}
    - target: {fileID: 5023654483605013172, guid: d108fa022d7f3e2419bd6aa6c69219b3,
        type: 3}
      propertyPath: m_LocalPosition.y
      value: -1
      objectReference: {fileID: 0}
    - target: {fileID: 5023654483605013172, guid: d108fa022d7f3e2419bd6aa6c69219b3,
        type: 3}
      propertyPath: m_LocalPosition.z
      value: 0
      objectReference: {fileID: 0}
    - target: {fileID: 5023654483605013172, guid: d108fa022d7f3e2419bd6aa6c69219b3,
        type: 3}
      propertyPath: m_LocalRotation.x
      value: 0
      objectReference: {fileID: 0}
    - target: {fileID: 5023654483605013172, guid: d108fa022d7f3e2419bd6aa6c69219b3,
        type: 3}
      propertyPath: m_LocalRotation.y
      value: 0
      objectReference: {fileID: 0}
    - target: {fileID: 5023654483605013172, guid: d108fa022d7f3e2419bd6aa6c69219b3,
        type: 3}
      propertyPath: m_LocalRotation.z
      value: 0
      objectReference: {fileID: 0}
    - target: {fileID: 5023654483605013172, guid: d108fa022d7f3e2419bd6aa6c69219b3,
        type: 3}
      propertyPath: m_LocalRotation.w
      value: 1
      objectReference: {fileID: 0}
    - target: {fileID: 5023654483605013172, guid: d108fa022d7f3e2419bd6aa6c69219b3,
        type: 3}
      propertyPath: m_RootOrder
      value: 13
      objectReference: {fileID: 0}
    - target: {fileID: 5023654483605013172, guid: d108fa022d7f3e2419bd6aa6c69219b3,
        type: 3}
      propertyPath: m_LocalEulerAnglesHint.x
      value: 0
      objectReference: {fileID: 0}
    - target: {fileID: 5023654483605013172, guid: d108fa022d7f3e2419bd6aa6c69219b3,
        type: 3}
      propertyPath: m_LocalEulerAnglesHint.y
      value: 0
      objectReference: {fileID: 0}
    - target: {fileID: 5023654483605013172, guid: d108fa022d7f3e2419bd6aa6c69219b3,
        type: 3}
      propertyPath: m_LocalEulerAnglesHint.z
      value: 0
      objectReference: {fileID: 0}
    - target: {fileID: 5023654483605013175, guid: d108fa022d7f3e2419bd6aa6c69219b3,
        type: 3}
      propertyPath: m_Name
      value: DirtBlock (1)
      objectReference: {fileID: 0}
    m_RemovedComponents: []
  m_SourcePrefab: {fileID: 100100000, guid: d108fa022d7f3e2419bd6aa6c69219b3, type: 3}
--- !u!1001 &6038764595912051679
PrefabInstance:
  m_ObjectHideFlags: 0
  serializedVersion: 2
  m_Modification:
    m_TransformParent: {fileID: 2141738713551358526}
    m_Modifications:
    - target: {fileID: 5023654483605013172, guid: 745775e6a5606404c9d1c334d863087e,
        type: 3}
      propertyPath: m_LocalPosition.x
      value: 2
      objectReference: {fileID: 0}
    - target: {fileID: 5023654483605013172, guid: 745775e6a5606404c9d1c334d863087e,
        type: 3}
      propertyPath: m_LocalPosition.y
      value: 3
      objectReference: {fileID: 0}
    - target: {fileID: 5023654483605013172, guid: 745775e6a5606404c9d1c334d863087e,
        type: 3}
      propertyPath: m_LocalPosition.z
      value: 0
      objectReference: {fileID: 0}
    - target: {fileID: 5023654483605013172, guid: 745775e6a5606404c9d1c334d863087e,
        type: 3}
      propertyPath: m_LocalRotation.x
      value: -0
      objectReference: {fileID: 0}
    - target: {fileID: 5023654483605013172, guid: 745775e6a5606404c9d1c334d863087e,
        type: 3}
      propertyPath: m_LocalRotation.y
      value: -0
      objectReference: {fileID: 0}
    - target: {fileID: 5023654483605013172, guid: 745775e6a5606404c9d1c334d863087e,
        type: 3}
      propertyPath: m_LocalRotation.z
      value: -0
      objectReference: {fileID: 0}
    - target: {fileID: 5023654483605013172, guid: 745775e6a5606404c9d1c334d863087e,
        type: 3}
      propertyPath: m_LocalRotation.w
      value: 1
      objectReference: {fileID: 0}
    - target: {fileID: 5023654483605013172, guid: 745775e6a5606404c9d1c334d863087e,
        type: 3}
      propertyPath: m_RootOrder
      value: 7
      objectReference: {fileID: 0}
    - target: {fileID: 5023654483605013172, guid: 745775e6a5606404c9d1c334d863087e,
        type: 3}
      propertyPath: m_LocalEulerAnglesHint.x
      value: 0
      objectReference: {fileID: 0}
    - target: {fileID: 5023654483605013172, guid: 745775e6a5606404c9d1c334d863087e,
        type: 3}
      propertyPath: m_LocalEulerAnglesHint.y
      value: 0
      objectReference: {fileID: 0}
    - target: {fileID: 5023654483605013172, guid: 745775e6a5606404c9d1c334d863087e,
        type: 3}
      propertyPath: m_LocalEulerAnglesHint.z
      value: 0
      objectReference: {fileID: 0}
    - target: {fileID: 5023654483605013175, guid: 745775e6a5606404c9d1c334d863087e,
        type: 3}
      propertyPath: m_Name
      value: StoneBlock (4)
      objectReference: {fileID: 0}
    m_RemovedComponents: []
  m_SourcePrefab: {fileID: 100100000, guid: 745775e6a5606404c9d1c334d863087e, type: 3}
--- !u!1001 &6544034798440030736
PrefabInstance:
  m_ObjectHideFlags: 0
  serializedVersion: 2
  m_Modification:
    m_TransformParent: {fileID: 2141738713551358526}
    m_Modifications:
    - target: {fileID: 5023654483605013172, guid: 745775e6a5606404c9d1c334d863087e,
        type: 3}
      propertyPath: m_LocalPosition.x
      value: -1
      objectReference: {fileID: 0}
    - target: {fileID: 5023654483605013172, guid: 745775e6a5606404c9d1c334d863087e,
        type: 3}
      propertyPath: m_LocalPosition.y
      value: 3
      objectReference: {fileID: 0}
    - target: {fileID: 5023654483605013172, guid: 745775e6a5606404c9d1c334d863087e,
        type: 3}
      propertyPath: m_LocalPosition.z
      value: 0
      objectReference: {fileID: 0}
    - target: {fileID: 5023654483605013172, guid: 745775e6a5606404c9d1c334d863087e,
        type: 3}
      propertyPath: m_LocalRotation.x
      value: -0
      objectReference: {fileID: 0}
    - target: {fileID: 5023654483605013172, guid: 745775e6a5606404c9d1c334d863087e,
        type: 3}
      propertyPath: m_LocalRotation.y
      value: -0
      objectReference: {fileID: 0}
    - target: {fileID: 5023654483605013172, guid: 745775e6a5606404c9d1c334d863087e,
        type: 3}
      propertyPath: m_LocalRotation.z
      value: -0
      objectReference: {fileID: 0}
    - target: {fileID: 5023654483605013172, guid: 745775e6a5606404c9d1c334d863087e,
        type: 3}
      propertyPath: m_LocalRotation.w
      value: 1
      objectReference: {fileID: 0}
    - target: {fileID: 5023654483605013172, guid: 745775e6a5606404c9d1c334d863087e,
        type: 3}
      propertyPath: m_RootOrder
      value: 3
      objectReference: {fileID: 0}
    - target: {fileID: 5023654483605013172, guid: 745775e6a5606404c9d1c334d863087e,
        type: 3}
      propertyPath: m_LocalEulerAnglesHint.x
      value: 0
      objectReference: {fileID: 0}
    - target: {fileID: 5023654483605013172, guid: 745775e6a5606404c9d1c334d863087e,
        type: 3}
      propertyPath: m_LocalEulerAnglesHint.y
      value: 0
      objectReference: {fileID: 0}
    - target: {fileID: 5023654483605013172, guid: 745775e6a5606404c9d1c334d863087e,
        type: 3}
      propertyPath: m_LocalEulerAnglesHint.z
      value: 0
      objectReference: {fileID: 0}
    - target: {fileID: 5023654483605013175, guid: 745775e6a5606404c9d1c334d863087e,
        type: 3}
      propertyPath: m_Name
      value: StoneBlock
      objectReference: {fileID: 0}
    m_RemovedComponents: []
  m_SourcePrefab: {fileID: 100100000, guid: 745775e6a5606404c9d1c334d863087e, type: 3}
--- !u!1001 &6628339801903382376
PrefabInstance:
  m_ObjectHideFlags: 0
  serializedVersion: 2
  m_Modification:
    m_TransformParent: {fileID: 2141738713551358526}
    m_Modifications:
    - target: {fileID: 9096179608304022088, guid: 467d5d519447ba84b86684edeaabfd1b,
        type: 3}
      propertyPath: m_LocalPosition.x
      value: -3
      objectReference: {fileID: 0}
    - target: {fileID: 9096179608304022088, guid: 467d5d519447ba84b86684edeaabfd1b,
        type: 3}
      propertyPath: m_LocalPosition.y
      value: -3
      objectReference: {fileID: 0}
    - target: {fileID: 9096179608304022088, guid: 467d5d519447ba84b86684edeaabfd1b,
        type: 3}
      propertyPath: m_LocalPosition.z
      value: 0
      objectReference: {fileID: 0}
    - target: {fileID: 9096179608304022088, guid: 467d5d519447ba84b86684edeaabfd1b,
        type: 3}
      propertyPath: m_LocalRotation.x
      value: -0
      objectReference: {fileID: 0}
    - target: {fileID: 9096179608304022088, guid: 467d5d519447ba84b86684edeaabfd1b,
        type: 3}
      propertyPath: m_LocalRotation.y
      value: -0
      objectReference: {fileID: 0}
    - target: {fileID: 9096179608304022088, guid: 467d5d519447ba84b86684edeaabfd1b,
        type: 3}
      propertyPath: m_LocalRotation.z
      value: -0
      objectReference: {fileID: 0}
    - target: {fileID: 9096179608304022088, guid: 467d5d519447ba84b86684edeaabfd1b,
        type: 3}
      propertyPath: m_LocalRotation.w
      value: 1
      objectReference: {fileID: 0}
    - target: {fileID: 9096179608304022088, guid: 467d5d519447ba84b86684edeaabfd1b,
        type: 3}
      propertyPath: m_RootOrder
      value: 28
      objectReference: {fileID: 0}
    - target: {fileID: 9096179608304022088, guid: 467d5d519447ba84b86684edeaabfd1b,
        type: 3}
      propertyPath: m_LocalEulerAnglesHint.x
      value: 0
      objectReference: {fileID: 0}
    - target: {fileID: 9096179608304022088, guid: 467d5d519447ba84b86684edeaabfd1b,
        type: 3}
      propertyPath: m_LocalEulerAnglesHint.y
      value: 0
      objectReference: {fileID: 0}
    - target: {fileID: 9096179608304022088, guid: 467d5d519447ba84b86684edeaabfd1b,
        type: 3}
      propertyPath: m_LocalEulerAnglesHint.z
      value: 0
      objectReference: {fileID: 0}
    - target: {fileID: 9096179608304022089, guid: 467d5d519447ba84b86684edeaabfd1b,
        type: 3}
      propertyPath: m_Name
      value: RandomSpawn (4)
      objectReference: {fileID: 0}
    m_RemovedComponents: []
  m_SourcePrefab: {fileID: 100100000, guid: 467d5d519447ba84b86684edeaabfd1b, type: 3}
--- !u!1001 &6808431935118107036
PrefabInstance:
  m_ObjectHideFlags: 0
  serializedVersion: 2
  m_Modification:
    m_TransformParent: {fileID: 2141738713551358526}
    m_Modifications:
    - target: {fileID: 9096179608304022088, guid: 467d5d519447ba84b86684edeaabfd1b,
        type: 3}
      propertyPath: m_LocalPosition.x
      value: -1
      objectReference: {fileID: 0}
    - target: {fileID: 9096179608304022088, guid: 467d5d519447ba84b86684edeaabfd1b,
        type: 3}
      propertyPath: m_LocalPosition.y
      value: 1
      objectReference: {fileID: 0}
    - target: {fileID: 9096179608304022088, guid: 467d5d519447ba84b86684edeaabfd1b,
        type: 3}
      propertyPath: m_LocalPosition.z
      value: 0
      objectReference: {fileID: 0}
    - target: {fileID: 9096179608304022088, guid: 467d5d519447ba84b86684edeaabfd1b,
        type: 3}
      propertyPath: m_LocalRotation.x
      value: -0
      objectReference: {fileID: 0}
    - target: {fileID: 9096179608304022088, guid: 467d5d519447ba84b86684edeaabfd1b,
        type: 3}
      propertyPath: m_LocalRotation.y
      value: -0
      objectReference: {fileID: 0}
    - target: {fileID: 9096179608304022088, guid: 467d5d519447ba84b86684edeaabfd1b,
        type: 3}
      propertyPath: m_LocalRotation.z
      value: -0
      objectReference: {fileID: 0}
    - target: {fileID: 9096179608304022088, guid: 467d5d519447ba84b86684edeaabfd1b,
        type: 3}
      propertyPath: m_LocalRotation.w
      value: 1
      objectReference: {fileID: 0}
    - target: {fileID: 9096179608304022088, guid: 467d5d519447ba84b86684edeaabfd1b,
        type: 3}
      propertyPath: m_RootOrder
      value: 15
      objectReference: {fileID: 0}
    - target: {fileID: 9096179608304022088, guid: 467d5d519447ba84b86684edeaabfd1b,
        type: 3}
      propertyPath: m_LocalEulerAnglesHint.x
      value: 0
      objectReference: {fileID: 0}
    - target: {fileID: 9096179608304022088, guid: 467d5d519447ba84b86684edeaabfd1b,
        type: 3}
      propertyPath: m_LocalEulerAnglesHint.y
      value: 0
      objectReference: {fileID: 0}
    - target: {fileID: 9096179608304022088, guid: 467d5d519447ba84b86684edeaabfd1b,
        type: 3}
      propertyPath: m_LocalEulerAnglesHint.z
      value: 0
      objectReference: {fileID: 0}
    - target: {fileID: 9096179608304022089, guid: 467d5d519447ba84b86684edeaabfd1b,
        type: 3}
      propertyPath: m_Name
      value: RandomSpawn
      objectReference: {fileID: 0}
    m_RemovedComponents: []
  m_SourcePrefab: {fileID: 100100000, guid: 467d5d519447ba84b86684edeaabfd1b, type: 3}
--- !u!1001 &6815219112908906339
PrefabInstance:
  m_ObjectHideFlags: 0
  serializedVersion: 2
  m_Modification:
    m_TransformParent: {fileID: 2141738713551358526}
    m_Modifications:
    - target: {fileID: 8635772673357849256, guid: 3dcde9c22eb1209419f9e89742db998d,
        type: 3}
      propertyPath: m_Name
      value: SpikeSnail (1)
      objectReference: {fileID: 0}
    - target: {fileID: 8635772673357849261, guid: 3dcde9c22eb1209419f9e89742db998d,
        type: 3}
      propertyPath: m_LocalPosition.x
      value: 0.93
      objectReference: {fileID: 0}
    - target: {fileID: 8635772673357849261, guid: 3dcde9c22eb1209419f9e89742db998d,
        type: 3}
      propertyPath: m_LocalPosition.y
      value: -4.1598783
      objectReference: {fileID: 0}
    - target: {fileID: 8635772673357849261, guid: 3dcde9c22eb1209419f9e89742db998d,
        type: 3}
      propertyPath: m_LocalPosition.z
      value: -0.8066406
      objectReference: {fileID: 0}
    - target: {fileID: 8635772673357849261, guid: 3dcde9c22eb1209419f9e89742db998d,
        type: 3}
      propertyPath: m_LocalRotation.x
      value: -0
      objectReference: {fileID: 0}
    - target: {fileID: 8635772673357849261, guid: 3dcde9c22eb1209419f9e89742db998d,
        type: 3}
      propertyPath: m_LocalRotation.y
      value: -0
      objectReference: {fileID: 0}
    - target: {fileID: 8635772673357849261, guid: 3dcde9c22eb1209419f9e89742db998d,
        type: 3}
      propertyPath: m_LocalRotation.z
      value: -0
      objectReference: {fileID: 0}
    - target: {fileID: 8635772673357849261, guid: 3dcde9c22eb1209419f9e89742db998d,
        type: 3}
      propertyPath: m_LocalRotation.w
      value: 1
      objectReference: {fileID: 0}
    - target: {fileID: 8635772673357849261, guid: 3dcde9c22eb1209419f9e89742db998d,
        type: 3}
      propertyPath: m_RootOrder
      value: 27
      objectReference: {fileID: 0}
    - target: {fileID: 8635772673357849261, guid: 3dcde9c22eb1209419f9e89742db998d,
        type: 3}
      propertyPath: m_LocalEulerAnglesHint.x
      value: 0
      objectReference: {fileID: 0}
    - target: {fileID: 8635772673357849261, guid: 3dcde9c22eb1209419f9e89742db998d,
        type: 3}
      propertyPath: m_LocalEulerAnglesHint.y
      value: 0
      objectReference: {fileID: 0}
    - target: {fileID: 8635772673357849261, guid: 3dcde9c22eb1209419f9e89742db998d,
        type: 3}
      propertyPath: m_LocalEulerAnglesHint.z
      value: 0
      objectReference: {fileID: 0}
    m_RemovedComponents: []
  m_SourcePrefab: {fileID: 100100000, guid: 3dcde9c22eb1209419f9e89742db998d, type: 3}
--- !u!1001 &6996110210144836400
PrefabInstance:
  m_ObjectHideFlags: 0
  serializedVersion: 2
  m_Modification:
    m_TransformParent: {fileID: 2141738713551358526}
    m_Modifications:
    - target: {fileID: 5023654483605013172, guid: d108fa022d7f3e2419bd6aa6c69219b3,
        type: 3}
      propertyPath: m_LocalPosition.x
      value: -2
      objectReference: {fileID: 0}
    - target: {fileID: 5023654483605013172, guid: d108fa022d7f3e2419bd6aa6c69219b3,
        type: 3}
      propertyPath: m_LocalPosition.y
      value: -5
      objectReference: {fileID: 0}
    - target: {fileID: 5023654483605013172, guid: d108fa022d7f3e2419bd6aa6c69219b3,
        type: 3}
      propertyPath: m_LocalPosition.z
      value: 0
      objectReference: {fileID: 0}
    - target: {fileID: 5023654483605013172, guid: d108fa022d7f3e2419bd6aa6c69219b3,
        type: 3}
      propertyPath: m_LocalRotation.x
      value: 0
      objectReference: {fileID: 0}
    - target: {fileID: 5023654483605013172, guid: d108fa022d7f3e2419bd6aa6c69219b3,
        type: 3}
      propertyPath: m_LocalRotation.y
      value: 0
      objectReference: {fileID: 0}
    - target: {fileID: 5023654483605013172, guid: d108fa022d7f3e2419bd6aa6c69219b3,
        type: 3}
      propertyPath: m_LocalRotation.z
      value: 0
      objectReference: {fileID: 0}
    - target: {fileID: 5023654483605013172, guid: d108fa022d7f3e2419bd6aa6c69219b3,
        type: 3}
      propertyPath: m_LocalRotation.w
      value: 1
      objectReference: {fileID: 0}
    - target: {fileID: 5023654483605013172, guid: d108fa022d7f3e2419bd6aa6c69219b3,
        type: 3}
      propertyPath: m_RootOrder
      value: 24
      objectReference: {fileID: 0}
    - target: {fileID: 5023654483605013172, guid: d108fa022d7f3e2419bd6aa6c69219b3,
        type: 3}
      propertyPath: m_LocalEulerAnglesHint.x
      value: 0
      objectReference: {fileID: 0}
    - target: {fileID: 5023654483605013172, guid: d108fa022d7f3e2419bd6aa6c69219b3,
        type: 3}
      propertyPath: m_LocalEulerAnglesHint.y
      value: 0
      objectReference: {fileID: 0}
    - target: {fileID: 5023654483605013172, guid: d108fa022d7f3e2419bd6aa6c69219b3,
        type: 3}
      propertyPath: m_LocalEulerAnglesHint.z
      value: 0
      objectReference: {fileID: 0}
    - target: {fileID: 5023654483605013175, guid: d108fa022d7f3e2419bd6aa6c69219b3,
        type: 3}
      propertyPath: m_Name
      value: DirtBlock (8)
      objectReference: {fileID: 0}
    m_RemovedComponents: []
  m_SourcePrefab: {fileID: 100100000, guid: d108fa022d7f3e2419bd6aa6c69219b3, type: 3}
--- !u!1001 &7680558503936502323
PrefabInstance:
  m_ObjectHideFlags: 0
  serializedVersion: 2
  m_Modification:
    m_TransformParent: {fileID: 2141738713551358526}
    m_Modifications:
    - target: {fileID: 6185270342610921935, guid: b94a43e8d4ed53f4ea38bb45af79ce54,
        type: 3}
      propertyPath: m_LocalPosition.x
      value: -2.5
      objectReference: {fileID: 0}
    - target: {fileID: 6185270342610921935, guid: b94a43e8d4ed53f4ea38bb45af79ce54,
        type: 3}
      propertyPath: m_LocalPosition.y
      value: -1.5
      objectReference: {fileID: 0}
    - target: {fileID: 6185270342610921935, guid: b94a43e8d4ed53f4ea38bb45af79ce54,
        type: 3}
      propertyPath: m_LocalPosition.z
      value: 0
      objectReference: {fileID: 0}
    - target: {fileID: 6185270342610921935, guid: b94a43e8d4ed53f4ea38bb45af79ce54,
        type: 3}
      propertyPath: m_LocalRotation.x
      value: 0
      objectReference: {fileID: 0}
    - target: {fileID: 6185270342610921935, guid: b94a43e8d4ed53f4ea38bb45af79ce54,
        type: 3}
      propertyPath: m_LocalRotation.y
      value: 0
      objectReference: {fileID: 0}
    - target: {fileID: 6185270342610921935, guid: b94a43e8d4ed53f4ea38bb45af79ce54,
        type: 3}
      propertyPath: m_LocalRotation.z
      value: 0
      objectReference: {fileID: 0}
    - target: {fileID: 6185270342610921935, guid: b94a43e8d4ed53f4ea38bb45af79ce54,
        type: 3}
      propertyPath: m_LocalRotation.w
      value: 1
      objectReference: {fileID: 0}
    - target: {fileID: 6185270342610921935, guid: b94a43e8d4ed53f4ea38bb45af79ce54,
        type: 3}
      propertyPath: m_RootOrder
      value: 9
      objectReference: {fileID: 0}
    - target: {fileID: 6185270342610921935, guid: b94a43e8d4ed53f4ea38bb45af79ce54,
        type: 3}
      propertyPath: m_LocalEulerAnglesHint.x
      value: 0
      objectReference: {fileID: 0}
    - target: {fileID: 6185270342610921935, guid: b94a43e8d4ed53f4ea38bb45af79ce54,
        type: 3}
      propertyPath: m_LocalEulerAnglesHint.y
      value: 0
      objectReference: {fileID: 0}
    - target: {fileID: 6185270342610921935, guid: b94a43e8d4ed53f4ea38bb45af79ce54,
        type: 3}
      propertyPath: m_LocalEulerAnglesHint.z
      value: 0
      objectReference: {fileID: 0}
    - target: {fileID: 8486630065364114236, guid: b94a43e8d4ed53f4ea38bb45af79ce54,
        type: 3}
      propertyPath: m_Name
      value: BigStoneBlock (1)
      objectReference: {fileID: 0}
    m_RemovedComponents: []
  m_SourcePrefab: {fileID: 100100000, guid: b94a43e8d4ed53f4ea38bb45af79ce54, type: 3}
--- !u!1001 &8044956262936319213
PrefabInstance:
  m_ObjectHideFlags: 0
  serializedVersion: 2
  m_Modification:
    m_TransformParent: {fileID: 2141738713551358526}
    m_Modifications:
    - target: {fileID: 5023654483605013172, guid: d108fa022d7f3e2419bd6aa6c69219b3,
        type: 3}
      propertyPath: m_LocalPosition.x
      value: 3
      objectReference: {fileID: 0}
    - target: {fileID: 5023654483605013172, guid: d108fa022d7f3e2419bd6aa6c69219b3,
        type: 3}
      propertyPath: m_LocalPosition.y
      value: -5
      objectReference: {fileID: 0}
    - target: {fileID: 5023654483605013172, guid: d108fa022d7f3e2419bd6aa6c69219b3,
        type: 3}
      propertyPath: m_LocalPosition.z
      value: 0
      objectReference: {fileID: 0}
    - target: {fileID: 5023654483605013172, guid: d108fa022d7f3e2419bd6aa6c69219b3,
        type: 3}
      propertyPath: m_LocalRotation.x
      value: 0
      objectReference: {fileID: 0}
    - target: {fileID: 5023654483605013172, guid: d108fa022d7f3e2419bd6aa6c69219b3,
        type: 3}
      propertyPath: m_LocalRotation.y
      value: 0
      objectReference: {fileID: 0}
    - target: {fileID: 5023654483605013172, guid: d108fa022d7f3e2419bd6aa6c69219b3,
        type: 3}
      propertyPath: m_LocalRotation.z
      value: 0
      objectReference: {fileID: 0}
    - target: {fileID: 5023654483605013172, guid: d108fa022d7f3e2419bd6aa6c69219b3,
        type: 3}
      propertyPath: m_LocalRotation.w
      value: 1
      objectReference: {fileID: 0}
    - target: {fileID: 5023654483605013172, guid: d108fa022d7f3e2419bd6aa6c69219b3,
        type: 3}
      propertyPath: m_RootOrder
      value: 23
      objectReference: {fileID: 0}
    - target: {fileID: 5023654483605013172, guid: d108fa022d7f3e2419bd6aa6c69219b3,
        type: 3}
      propertyPath: m_LocalEulerAnglesHint.x
      value: 0
      objectReference: {fileID: 0}
    - target: {fileID: 5023654483605013172, guid: d108fa022d7f3e2419bd6aa6c69219b3,
        type: 3}
      propertyPath: m_LocalEulerAnglesHint.y
      value: 0
      objectReference: {fileID: 0}
    - target: {fileID: 5023654483605013172, guid: d108fa022d7f3e2419bd6aa6c69219b3,
        type: 3}
      propertyPath: m_LocalEulerAnglesHint.z
      value: 0
      objectReference: {fileID: 0}
    - target: {fileID: 5023654483605013175, guid: d108fa022d7f3e2419bd6aa6c69219b3,
        type: 3}
      propertyPath: m_Name
      value: DirtBlock (7)
      objectReference: {fileID: 0}
    m_RemovedComponents: []
  m_SourcePrefab: {fileID: 100100000, guid: d108fa022d7f3e2419bd6aa6c69219b3, type: 3}
--- !u!1001 &8434462087373893180
PrefabInstance:
  m_ObjectHideFlags: 0
  serializedVersion: 2
  m_Modification:
    m_TransformParent: {fileID: 2141738713551358526}
    m_Modifications:
    - target: {fileID: 5023654483605013172, guid: d108fa022d7f3e2419bd6aa6c69219b3,
        type: 3}
      propertyPath: m_LocalPosition.x
      value: 0
      objectReference: {fileID: 0}
    - target: {fileID: 5023654483605013172, guid: d108fa022d7f3e2419bd6aa6c69219b3,
        type: 3}
      propertyPath: m_LocalPosition.y
      value: -5
      objectReference: {fileID: 0}
    - target: {fileID: 5023654483605013172, guid: d108fa022d7f3e2419bd6aa6c69219b3,
        type: 3}
      propertyPath: m_LocalPosition.z
      value: 0
      objectReference: {fileID: 0}
    - target: {fileID: 5023654483605013172, guid: d108fa022d7f3e2419bd6aa6c69219b3,
        type: 3}
      propertyPath: m_LocalRotation.x
      value: 0
      objectReference: {fileID: 0}
    - target: {fileID: 5023654483605013172, guid: d108fa022d7f3e2419bd6aa6c69219b3,
        type: 3}
      propertyPath: m_LocalRotation.y
      value: 0
      objectReference: {fileID: 0}
    - target: {fileID: 5023654483605013172, guid: d108fa022d7f3e2419bd6aa6c69219b3,
        type: 3}
      propertyPath: m_LocalRotation.z
      value: 0
      objectReference: {fileID: 0}
    - target: {fileID: 5023654483605013172, guid: d108fa022d7f3e2419bd6aa6c69219b3,
        type: 3}
      propertyPath: m_LocalRotation.w
      value: 1
      objectReference: {fileID: 0}
    - target: {fileID: 5023654483605013172, guid: d108fa022d7f3e2419bd6aa6c69219b3,
        type: 3}
      propertyPath: m_RootOrder
      value: 21
      objectReference: {fileID: 0}
    - target: {fileID: 5023654483605013172, guid: d108fa022d7f3e2419bd6aa6c69219b3,
        type: 3}
      propertyPath: m_LocalEulerAnglesHint.x
      value: 0
      objectReference: {fileID: 0}
    - target: {fileID: 5023654483605013172, guid: d108fa022d7f3e2419bd6aa6c69219b3,
        type: 3}
      propertyPath: m_LocalEulerAnglesHint.y
      value: 0
      objectReference: {fileID: 0}
    - target: {fileID: 5023654483605013172, guid: d108fa022d7f3e2419bd6aa6c69219b3,
        type: 3}
      propertyPath: m_LocalEulerAnglesHint.z
      value: 0
      objectReference: {fileID: 0}
    - target: {fileID: 5023654483605013175, guid: d108fa022d7f3e2419bd6aa6c69219b3,
        type: 3}
      propertyPath: m_Name
      value: DirtBlock (5)
      objectReference: {fileID: 0}
    m_RemovedComponents: []
  m_SourcePrefab: {fileID: 100100000, guid: d108fa022d7f3e2419bd6aa6c69219b3, type: 3}
--- !u!1001 &8622655604729964732
PrefabInstance:
  m_ObjectHideFlags: 0
  serializedVersion: 2
  m_Modification:
    m_TransformParent: {fileID: 2141738713551358526}
    m_Modifications:
    - target: {fileID: 5023654483605013172, guid: d108fa022d7f3e2419bd6aa6c69219b3,
        type: 3}
      propertyPath: m_LocalPosition.x
      value: 2
      objectReference: {fileID: 0}
    - target: {fileID: 5023654483605013172, guid: d108fa022d7f3e2419bd6aa6c69219b3,
        type: 3}
      propertyPath: m_LocalPosition.y
      value: -5
      objectReference: {fileID: 0}
    - target: {fileID: 5023654483605013172, guid: d108fa022d7f3e2419bd6aa6c69219b3,
        type: 3}
      propertyPath: m_LocalPosition.z
      value: 0
      objectReference: {fileID: 0}
    - target: {fileID: 5023654483605013172, guid: d108fa022d7f3e2419bd6aa6c69219b3,
        type: 3}
      propertyPath: m_LocalRotation.x
      value: 0
      objectReference: {fileID: 0}
    - target: {fileID: 5023654483605013172, guid: d108fa022d7f3e2419bd6aa6c69219b3,
        type: 3}
      propertyPath: m_LocalRotation.y
      value: 0
      objectReference: {fileID: 0}
    - target: {fileID: 5023654483605013172, guid: d108fa022d7f3e2419bd6aa6c69219b3,
        type: 3}
      propertyPath: m_LocalRotation.z
      value: 0
      objectReference: {fileID: 0}
    - target: {fileID: 5023654483605013172, guid: d108fa022d7f3e2419bd6aa6c69219b3,
        type: 3}
      propertyPath: m_LocalRotation.w
      value: 1
      objectReference: {fileID: 0}
    - target: {fileID: 5023654483605013172, guid: d108fa022d7f3e2419bd6aa6c69219b3,
        type: 3}
      propertyPath: m_RootOrder
      value: 22
      objectReference: {fileID: 0}
    - target: {fileID: 5023654483605013172, guid: d108fa022d7f3e2419bd6aa6c69219b3,
        type: 3}
      propertyPath: m_LocalEulerAnglesHint.x
      value: 0
      objectReference: {fileID: 0}
    - target: {fileID: 5023654483605013172, guid: d108fa022d7f3e2419bd6aa6c69219b3,
        type: 3}
      propertyPath: m_LocalEulerAnglesHint.y
      value: 0
      objectReference: {fileID: 0}
    - target: {fileID: 5023654483605013172, guid: d108fa022d7f3e2419bd6aa6c69219b3,
        type: 3}
      propertyPath: m_LocalEulerAnglesHint.z
      value: 0
      objectReference: {fileID: 0}
    - target: {fileID: 5023654483605013175, guid: d108fa022d7f3e2419bd6aa6c69219b3,
        type: 3}
      propertyPath: m_Name
      value: DirtBlock (6)
      objectReference: {fileID: 0}
    m_RemovedComponents: []
  m_SourcePrefab: {fileID: 100100000, guid: d108fa022d7f3e2419bd6aa6c69219b3, type: 3}
